@inproceedings{adelsbergerIrgriedMoserSavenkoSetzer:SERENE18,
author = {Stephan Adelsberger and Bashar Igried and
Markus Moser and Vadim Savenkov and Anton Setzer},
title={Formal Verification for Feature-Based Composition of Workflows},
booktitle={2018 14th European Dependable Computing Conference (EDCC)},
note={Proceedings of SERENE'18},
month={September},
year={2018},
pages={173-181},
url={https://doi.org/10.1109/EDCC.2018.00039},
doi={10.1109/EDCC.2018.00039}
}


