@inproceedings{AdelsbergerSetzerWalkingshaw:PPDP18,
 author = {Adelsberger, Stephan and Setzer, Anton and Walkingshaw, Eric},
 title = {Declarative {GUI}s: Simple, Consistent, and Verified},
 booktitle = {Proceedings of the 20th International Symposium on Principles and Practice of Declarative Programming},
 series = {PPDP '18},
 year = {2018},
 isbn = {978-1-4503-6441-6},
 location = {Frankfurt am Main, Germany},
 pages = {4:1--4:15},
 articleno = {4},
 numpages = {15},
 url = {http://doi.acm.org/10.1145/3236950.3236962},
 doi = {10.1145/3236950.3236962},
 acmid = {3236962},
 publisher = {ACM},
 address = {New York, NY, USA}
}    
