
@misc{adelsbergerSetzerWalkingshaw:PPDP18,                                   
author = {Stephan Adelsberger and Anton Setzer and Eric Walkingshaw},           
title = {Declarative {GUI}s: Simple, Consistent, and Verified},                  
note={To appear in Proceedings of PPDP'18. \url{http://www.cs.swan.ac.uk/~csetzer/articles/PPDP18/PPDP18adelsbergerSetzerWalkingshawAccepted.pdf}},
url={http://www.cs.swan.ac.uk/~csetzer/articles/PPDP18/PPDP18adelsbergerSetzerWalkingshawAccepted.pdf},
year={2018}
}    
