@inproceedings{AbdulRauf:IntegratingFunctionalProgramming:Cie2006,
author = {Rose Hafsah Abdul Rauf},
title = {Integrating Functional Programming into {C++}: Implementation and Verification},
editor = {Arnold Beckmann and Ulrich Berger and Benedikt L{\"o}we and John V. Tucker},
booktitle = {Logical Approaches to Computational Barriers. Conference 
CiE 2006.},
publisher = {Report No. CSR 7-2006, Department of Computer Science, University
of Wales Swansea},
year = {2006},
pages = {2 -- 11},
note = {Available via \url{http://www.cs.swansea.ac.uk/reports/yr2006/CSR7-2006.pdf} and \url{https://csetzer.github.io/articlesFromOthers/roseHafsahAbdulRauf/raufIntegratingFunctionalProgrammingCie2006ExtractedFromReport.pdf}},
url={https://csetzer.github.io/articlesFromOthers/roseHafsahAbdulRauf/raufIntegratingFunctionalProgrammingCie2006ExtractedFromReport.pdf}
}
