@phdthesis{abdulRauf:PhDThesis,
author= {Abdul Rauf, Rose Hafsah},
title = {Integrating functional programming into {C++}},
school = {Dept.~of Computer Science},
month = {September},
year = {2007},
address = {Swansea University, Swansea SA2 8PP, UK},
note={Available from \url{https://csetzer.github.io/articlesFromOthers/index.html}},
url={https://csetzer.github.io/articlesFromOthers/index.html}
}
