@misc{alhabardiSetzer:ICBTA2023:ASimulator,
author = {Fahad Alhabardi and Anton Setzer},
title = {{A simulator of Solidity-style smart contracts in the theorem
prover Agda}},
year = {2024},
isbn = {9798400708671},
publisher = {Association for Computing Machinery},
address = {New York, NY, USA},
url = {https://doi.org/10.1145/3651655.3651656},
doi = {10.1145/3651655.3651656},
booktitle = {Proceedings of the 2023 6th International Conference on Blockchain Technology and Applications},
pages = {1â€“11},
numpages = {11},
keywords = {Agda, Ethereum, Solidity, blockchain, interface, simulator, smart contracts, theorem prover},
location = {Xi'an, China, },
series = {ICBTA '23},
note = {Author's copy available at
\url{https://csetzer.github.io/articles/alhabardiSetzerICBTA2023/alhabardiSetzerICBTA2023.pdf}},
url = {https://csetzer.github.io/articles/alhabardiSetzerICBTA2023/alhabardiSetzerICBTA2023.pdf}
}
