@phdthesis{kanso:PhdThesis:2013,
author= {Karim Kanso},
title = {Agda as a Platform for the
Development of Verified
Railway Interlocking Systems},
school = {Dept.~of Computer Science},
month={August},
year = {2012},
address = {Swansea University, Swansea SA2 8PP, UK},
note={Available from http://www.swan.ac.uk/$\sim$csetzer/articlesFromOthers/index.html
and http://cs.swan.ac.uk/$\sim$cskarim/files/}
}
