@misc{kanso:MResThesis:2013,
author= {Karim Kanso},
title = {Formal Verification of Ladder Logic},
note={{M}aster of {R}esearch thesis, Dept.~of Computer Science, Swansea University, Swansea SA2 8PP, UK.
Available from \url{https://csetzer.github.io/articlesFromOthers/index.html}},
url={https://csetzer.github.io/articlesFromOthers/index.html},
month={October},
year = {2010}
}
