@article{setzer:bitcoinModel:2018,
author = {Anton Setzer},
title = {{Modelling Bitcoin in Agda}},
journal = {arXiv},
note={\url{https://arxiv.org/abs/1804.06398}},
url={https://arxiv.org/abs/1804.06398},
volume = {arXiv:1804.06398},
month = {17 April},
year = {2018},
pages = {27}
}
