@inproceedings{dogan:icissp25,
author={Hulya Dogan and Anton Setzer},
title={{SABEC}: {S}ecure and {A}daptive {B}lockchain-{E}nabled {C}oordination {P}rotocol for {U}nmanned {A}erial
{V}ehicles({UAVs}) Network},
booktitle={Proceedings of the 11th International Conference on Information Systems Security and Privacy - Volume 1: ICISSP},
year={2025},
pages={377-388},
publisher={SciTePress},
organization={INSTICC},
doi={10.5220/0013330500003899},
url={https://doi.org/10.5220/0013330500003899},
note={Author's copy available form
\url{https://csetzer.github.io/articles/doganSetzerICISSP_2025/ICISSP_2025_135-authorsCopy.pdf}
}
