@misc{bergerSetzer:CMCS18:UndecidabilityEqualityCodataTypes,
author = {Ulrich Berger and Anton Setzer},
title = {Undecidability of Equality for Codata Types},
editor={C{\^i}rstea, Corina},
booktitle={Coalgebraic Methods in Computer Science},
month = {20 September},
year = {2018}
publisher={Springer},
address={Cham},
pages={34--55},
isbn={978-3-030-00389-0},
series={Lecture Notes in Computer Science},
volume={11202},
url = {http://www.cs.swan.ac.uk/~csetzer/articles/CMCS2018/bergerSetzerProceedingsCMCS18.pdf},
doi={10.1007/978-3-030-00389-0_4} 
}
