@INPROCEEDINGS{fahadSetzer:AIBThings2023:ModelOfSolidityStyleSmartContracts,
  author={Alhabardi, Fahad and Setzer, Anton},
  booktitle={2023 IEEE International Conference on Artificial Intelligence, Blockchain, and Internet of Things (AIBThings)}, 
  title={A model of {S}olidity-style smart contracts in the theorem prover {A}gda},
  note={doi: \url{https://doi.org/10.1109/AIBThings58340.2023.10292478}},  
  url={https://doi.org/10.1109/AIBThings58340.2023.10292478},
  url2={https://ieeexplore.ieee.org/document/10292478},
  urlAuthorsCopy={https://csetzer.github.io/articles/AmodelOfSolidityStyleSmartContractsInTheTheoremProverAgda/AmodelOfSolidityStyleSmartContractsInTheTheoremProverAgda.pdf},
  doi={10.1109/AIBThings58340.2023.10292478},
  year={2023},
  volume={},
  number={},
  pages={1-10}
}
