@InProceedings{adelsberger:SETTA18,
author={Adelsberger, Stephan and Setzer, Anton
and Walkingshaw, Eric},
title={Developing {GUI} Applications in a Verified Setting},
editor={Feng, Xinyu and M{\"u}ller-Olm, Markus and Yang, Zijiang},
booktitle={Dependable Software Engineering. Theories, Tools, and Applications},
year={2018},
publisher={Springer},
series={Lecture Notes in Computer Science},
volume={10998},
address={Cham},
pages={89--107},
isbn={978-3-319-99933-3},
doi={10.1007/978-3-319-99933-3_6},
url={https://doi.org/10.1007/978-3-319-99933-3_6}
}
}

