@phdthesis{chuang:PhdThesis:2011,
author= {Chi Ming Chuang},
title = {Extraction of Programs for Exact
Real Number Computation
using {A}gda},
school = {Dept.~of Computer Science},
month={March},
year = {2011},
address = {Swansea University, Swansea SA2 8PP, UK},
url={https://csetzer.github.io/articlesFromOthers/index.html},
note={Available from \url{https://csetzer.github.io/articlesFromOthers/index.html}}
}
