@INPROCEEDINGS{alhbardiLazarSEtzer:IEEE2022:VerifyingCorrectnessWithConditionals,
  author={Alhabardi, Fahad and Lazar, Bogdan and Setzer, Anton},
  title={Verifying Correctness of Smart Contracts with Conditionals},
  booktitle={2022 IEEE 1st Global Emerging Technology Blockchain Forum: Blockchain \& Beyond (iGETblockchain)}, 
  year={2022},
  pages={1-6},
  doi={10.1109/iGETblockchain56591.2022.10087054},
  note={doi: \url{https://doi.org/10.1109/iGETblockchain56591.2022.10087054}},
  url={https://doi.org/10.1109/iGETblockchain56591.2022.10087054},
  url2={https://ieeexplore.ieee.org/document/10087054},
  urlAuthorsCopy={https://csetzer.github.io/articles/alhabardiSetzerVerfyingCorrectnessOfSmartContractsWithConditionals/alhabardiSetzerVerfyingCorrectnessOfSmartContractsWithConditionals.pdf}
}
