@incollection{ghaniMalatestaNordvallForsberg:CALCO2013,
author={Ghani, Neil and Malatesta, Lorenzo and Nordvall Forsberg, Fredrik},
title={Positive Inductive-Recursive Definitions},
editor={Heckel, Reiko and Milius, Stefan},
booktitle={Algebra and Coalgebra in Computer Science},
year={2013},
isbn={978-3-642-40205-0},
volume={8089},
series={Lecture Notes in Computer Science},
doi={10.1007/978-3-642-40206-7_3},
url={http://dx.doi.org/10.1007/978-3-642-40206-7_3},
publisher={Springer Berlin Heidelberg},
pages={19-33},
language={English},
openAccess={https://personal.cis.strath.ac.uk/fredrik.nordvall-forsberg/papers/positive_calco2013.pdf}
}
}
