@incollection{miyamotoNordvallForsbergSchwichtenberg:ITP2013,
author={Miyamoto, Kenji and Nordvall Forsberg, Fredrik and Schwichtenberg, Helmut},
title={Program Extraction from Nested Definitions},
year={2013},
isbn={978-3-642-39633-5},
booktitle={Interactive Theorem Proving},
volume={7998},
series={Lecture Notes in Computer Science},
editor={Blazy, Sandrine and Paulin-Mohring, Christine and Pichardie, David},
doi={10.1007/978-3-642-39634-2_27},
url={http://dx.doi.org/10.1007/978-3-642-39634-2_27},
publisher={Springer Berlin Heidelberg},
pages={370-385},
openAccess={https://personal.cis.strath.ac.uk/fredrik.nordvall-forsberg/papers/nested-pe_itp2013.pdf}
}
}
