@PHDTHESIS{nordvallforsberg2013thesis,
     author    = {Nordvall Forsberg, Fredrik},
     title     = {Inductive-inductive definitions},
     school    = {Department of Computer Science, Swansea University},
     month     = {September},
     year      = {2013}
  }
