@article{dybjerSetzer:ExtendedPredicativeMahloInMLTT,
    author = {Dybjer, Peter and Setzer, Anton},
    title = {The extended predicative Mahlo universe in Martin-L{\"o}f type theory},
    journal = {Journal of Logic and Computation},
    note={doi: \url{https://doi.org/10.1093/logcom/exad022}}, 
    year = {2023},
    month = {05},
    issn = {0955-792X},
    doi = {10.1093/logcom/exad022},
    url = {https://doi.org/10.1093/logcom/exad022},
    url2={https://academic.oup.com/logcom/advance-article/doi/10.1093/logcom/exad022/7158523?searchresult=1},
    urlAuthorsCopy={https://csetzer.github.io/articles/dybjerSetzerExtendedPredicativeMahloMLTT/dybjerSetzerExtendedPredicativeMahloMLTT.pdf},
    note = {exad022},
    eprint = {https://academic.oup.com/logcom/advance-article-pdf/doi/10.1093/logcom/exad022/50288571/exad022.pdf}
}
