@misc{alhabardiSetzer:Types2023:AbstractSlidesTalk,
author = {Fahad Alhabardi and Anton Setzer},
title = {{A simple model of smart contracts in Agda}},
note = {In Abstracts for Types 2023, \url{https://types2023.webs.upv.es/Index.html}.
Available from \url{https://types22.inria.fr/files/2022/06/TYPES_2022_paper_40.pdf}.
Talk recording available from
\url{https://media.upv.es/#/portal/video/6376d840-34fc-11ee-a9f5-bbc321eedb63}},
url = {https://types22.inria.fr/files/2022/06/TYPES_2022_paper_40.pdf},
urlConference={https://types2023.webs.upv.es/Index.html},
urlVideo={https://media.upv.es/#/portal/video/6376d840-34fc-11ee-a9f5-bbc321eedb63},
urlTypesAuthorcopy={https://csetzer.github.io/articles/types/2023/TYPES_2022_paper_40.pdf},
urlSlidesAuthorcopy={https://csetzer.github.io/slides/types/2023/types2023slide.pdf},
month = {14 June},
year = {2023}
}
