@misc{dybjerSetzer:TalkTypes2024:Abstract,
author = {Peter Dybjer and Anton Setzer},
title = {{Predicativity of the Mahlo universe in type theory}},
note = {In TYPES 2024 -- Abstracts. 30th International Conference on
Types for Proofs and Programs. Available from \url{https://types2024.itu.dk/Programme.html}, \url{https://types2024.itu.dk/abstracts.pdf}},
pages={191-194},
url = {https://types2024.itu.dk/Programme.html},
urlPdf={https://types2024.itu.dk/abstracts.pdf},
urlConference={https://types2024.itu.dk/},
urlTypesAuthorcopy={https://csetzer.github.io/articles/types/2024/abstractTypes2024DybjerSetzerPredicativityMahloUniverseAuthorsCopy.pdf},
month = {13 June},
year = {2024}
}
