@misc{alhabardiSetzer:TalkTypes2024:Abstract,
author = {Fahad Alhabardi and Anton Setzer},
title = {{Termination-checked Solidity-style smart contracts in Agda in the presence of Turing completeness}},
note = {In TYPES 2024 -- Abstracts. 30th International Conference on
Types for Proofs and Programs. Available from \url{https://types2024.itu.dk/Programme.html}, \url{https://types2024.itu.dk/abstracts.pdf}},
pages={48-51},
url = {https://types2024.itu.dk/Programme.html},
urlPdf={https://types2024.itu.dk/abstracts.pdf},
urlConference={https://types2024.itu.dk/},
urlTypesAuthorcopy={https://csetzer.github.io/articles/types/2024/abstractTypes2024AlhabardiSetzerAuthorsCopy.pdf},
month = {10 June},
year = {2024}
}
