@misc{dybjerSetzer:WeylVolume:acceptedVersion,
author = {Peter Dybjer and Anton Setzer},
title = {{Predicativity of the Mahlo Universe in type theory}},
note = {Accepted for publication in Laura Crosilla and Michael Rathjen  (Eds),
Festschrift on  centenary of Weyl's book ``Das Kontinuum''},
url={https://csetzer.github.io/articles/dybjerSetzerWeylVolume2025/dybjerSetzerWeylVolume2025Final.pdf},
month = {Submitted 25 March},
year = {2025}
}
