@article{michelbrink:JSL2006:BuchholzDerivationSystem,
author = {Markus Michelbrink},
title = {A {B}uchholz derivation system for the ordinal analysis of {KP}+ $\Pi_3$-reflection},
journal = {J. Symbolic Logic},
volume = {71},
number = {4},
year = {2006},
issn = {1943-5886},
pages = {1237 -- 1283},
doi = {10.2178/jsl/1164060454},
url={http://dx.doi.org/10.2178/jsl/1164060454},
openaccess={https://csetzer.github.io/articlesFromOthers/michelbrink/michelbrinkBuchholzDerivationSystemPi3Refl.pdf},
URL = {http://journals.cambridge.org.openathens-proxy.swan.ac.uk/article_S0022481200005752}
}
