@incollection{michelbrink:Types2004:InterfacesAsGames,
author={Michelbrink, Markus},
title={Interfaces as Games, Programs as Strategies},
editor={Filli√¢tre, Jean-Christophe and Paulin-Mohring, Christine and Werner, Benjamin},
booktitle={Types for Proofs and Programs},
year={2006},
isbn={978-3-540-31428-8},
volume={3839},
series={Lecture Notes in Computer Science},
doi={10.1007/11617990_14},
url={http://dx.doi.org/10.1007/11617990_14},
publisher={Springer Berlin Heidelberg},
pages={215-231},
language={English}
}
