@InProceedings{Michelbrink:InterfacesAsStrategies:Types2004,
author = {Markus Michelbrink},
title = {Interfaces as games, programs as strategies},
editor = {Jean-Christophe Filliatre and Christine Paulin and Benjamin Werner},
booktitle = {{T}ypes for {P}roofs and {P}rograms ({TYPES} 2004)},
publisher={Springer Lecture Notes in Computer Science 3839},
pages={215 -- 231},
year = {2006}
}


