@article{Michelbrink:TCS2006:InterfacesAsFunctors,
 author = {Markus Michelbrink},
 title = {Interfaces as functors, programs as coalgebras: a final coalgebra theorem in intensional type theory},
 journal = {Theor. Comput. Sci.},
 volume = {360},
 number = {1},
 year = {2006},
 issn = {0304-3975},
 pages = {415--439},
 url = {http://dx.doi.org/10.1016/j.tcs.2006.05.033},
 doi = {10.1016/j.tcs.2006.05.033},
 publisher = {Elsevier Science Publishers Ltd.},
 address = {Essex, UK},
 openaccess = {Available via http://synrc.com/publications/cat/Category%20Theory/Type%20Theory/Michelbrink%20M.%20Interfaces%20as%20Functors,%20Programs%20as%20Coalgebras%20-%20a%20Final%20Coalgebra%20Theorem%20in%20Intensional%20Type%20Theory.pdf
},
}
