@InProceedings{alhabardi_et_al:LIPIcs.TYPES.2021.1,
  author ={Alhabardi, Fahad F. and Beckmann, Arnold and Lazar, Bogdan and Setzer, Anton},
  title ={{Verification of Bitcoin Script in Agda Using Weakest Preconditions for Access Control}},
  booktitle ={27th International Conference on Types for Proofs and Programs (TYPES 2021)},
  pages ={1:1--1:25},
  series ={Leibniz International Proceedings in Informatics (LIPIcs)},
  ISBN ={978-3-95977-254-9},
  ISSN ={1868-8969},
  year ={2022},
  volume ={239},
  editor ={Basold, Henning and Cockx, Jesper and Ghilezan, Silvia},
  publisher ={Schloss Dagstuhl -- Leibniz-Zentrum f{\"u}r Informatik},
  address ={Dagstuhl, Germany},
  URL ={https://drops.dagstuhl.de/opus/volltexte/2022/16770},
  url2={https://doi.org/10.4230/LIPIcs.TYPES.2021.1},
  urlAuthorsCopy={https://csetzer.github.io/articles/alhabardiBeckmannLazarSetzerVerificationOfBitcoinScriptInAgdaUsingWeakestPreconditions/verificationOfBitcoinScriptInAgdaUsingWeakestPreconditionsForAccessControl.pdf},
  URN ={urn:nbn:de:0030-drops-167704},
  doi ={10.4230/LIPIcs.TYPES.2021.1},
  note={doi: \url{https://doi.org/10.4230/LIPIcs.TYPES.2021.1}},
  annote ={Keywords: Blockchain, Cryptocurrency, Bitcoin, Agda, Verification, Hoare logic, Bitcoin Script, P2PKH, P2MS, Access control, Weakest precondition, Predicate transformer semantics, Provable correctness, Symbolic execution, Smart contracts},
  availableOfficial={/media/veracrypt3/transToPCLaptop2018Master/papersAndDocuments/articles/alhabardi/LIPIcs-TYPES-2021-1.pdf

~/Dropbox/transFilesOnPCLocalCopies/transToPCLaptopDell2018partialcopyREADONLY/papersAndDocuments/articles/alhabardi/LIPIcs-TYPES-2021-1.pdf
  }
}
