@unpublished{setzer:draft1papdiss:1996c,
author= {Anton Setzer},
title = {An upper bound for the proof theoretical strength of 
{M}artin-{L{\"o}f} {T}ype {T}heory with {W}-type and one {U}niverse},
note={33pp. Draft, available via http://www.cs.swan.ac.uk/$\sim$/articles/1papdiss.dvi or .ps or .pdf},		  
year = {1996},
sect = {Proof theory},
sort = {Articles},
abstract = { } 
}
