@article{setzer:wellorderingproofsMLTTwithWtypeoneUniverse:1998,
author = {Anton Setzer},
title = {Well-ordering proofs for {M}artin-{L}{\"o}f's type theory with {W}-type and one universe},
journal = {Annals of Pure and Applied Logic},
volume = {92},
year = {1998},
pages = {113 -- 159},
doi={10.1016/S0168-0072(97)00078-X},
openAccess={http://www.cs.swan.ac.uk/~csetzer/articles/2papdiss.pdf}
}
