@INPROCEEDINGS{nordvallforsbergAltenkirchMorrisSetzer2011catsemindind,
  author = {Altenkirch, Thorsten and Morris, Peter and
           Nordvall Forsberg, Fredrik and Setzer, Anton},
  title = {A categorical semantics for inductive-inductive definitions},
  booktitle={Algebra and Coalgebra in Computer Science},
  volume={6859},
  series={Lecture Notes in Computer Science},
  publisher={Springer Berlin Heidelberg},
  editor = {Corradini, Andrea and Klin, Bartek},
  series = {Lecture Notes in Computer Science},
  year = {2011},
  pages={70-84}
  url={http://dx.doi.org/10.1007/978-3-642-22944-2_6},
  doi={10.1007/978-3-642-22944-2_6}
} 
