@inproceedings{KansoSetzer:SpecifyingRailwayInterlockingSystems:Avocs2009,
author = {Karim Kanso and Anton Setzer},
title = {Specifying Railway Interlocking Systems},
editor = {Liam O'Reilly and Markus Roggenbach},
booktitle = {AVoCS'09 -- PreProceedings of the Ninth International Workshop on Automated Verification of Critical Systems},
publisher = {Swansea University, Wales, UK},
note= {Technical Report of Computer Science CSR-2-2009,
http://www.cs.swan.ac.uk/avocs09/PreProceedings.pdf},
year = {2009},
pages = {233 -- 236}
}
