@inproceedings{kansoMollerSetzer:AVOCS08,
author = {Karim  Kanso and Faron Moller and Anton Setzer},
title = {Automated Verification of Signalling Principles
in Railway Interlocking Systems},
editor = {Muffy Calder and Alice Miller},
booktitle = {Proceedings of AVOCS'08. Eighth International Workshop on Automated Verification of Critical
Systems. University of Glasgow, 30. Sept. -- 1 Oct 2008},
year = {2008},
pages = {77 -- 79},
note={Available via http://www.cs.swan.ac.uk/~csetzer/articles/avocs08.pdf.
Conference Program is at http://www.dcs.gla.ac.uk/avocs08/AVoCsProgramme.pdf
}
}
