@unpublished{igriedSetzer:types2017:submission,
author = {Bashar Igried and Anton Setzer},
title = {Defining Trace Semantics for {CSP-Agda}},
note = {Sumitted. http://www.cs.swan.ac.uk/~csetzer/articles/basharIgriedTraceSemanticsCSPAgdaSubmitted.pdf},
url={http://www.cs.swan.ac.uk/~csetzer/articles/basharIgriedTraceSemanticsCSPAgdaSubmitted.pdf},
month = {22 January},
year = {2017}
}
}

