@Inproceedings{setzerBasharIgried:TraceStableFailuresCSP-Agda:CoAlp2016,
  author    = {Igried, Bashar and Setzer, Anton},
  year      = {2017},
  title     = {Trace and Stable Failures Semantics for CSP-Agda},
  editor    = {Komendantskaya, Ekaterina and Power, John},
  booktitle = {Proceedings of the First Workshop on
               Coalgebra, Horn Clause Logic Programming and Types,
               Edinburgh, UK, 28-29 November 2016},
  series    = {Electronic Proceedings in Theoretical Computer Science},
  volume    = {258},
  publisher = {Open Publishing Association},
  pages     = {36-51},
  doi       = {10.4204/EPTCS.258.3},
  url       = {http://eptcs.web.cse.unsw.edu.au/paper.cgi?LPTI2016.3}
}

