@incollection{setzer:InductiveDefinitionsDecidablePrimeFormulas:LNCS:1997,
   author = {Setzer, Anton},
   title = {Inductive definitions with decidable atomic formulas},
   editor = {van Dalen, Dirk and Bezem, Marc},
   booktitle = {Computer Science Logic},
   year = {1997},
   series = {Lecture Notes in Computer Science},
   publisher = {Springer Berlin / Heidelberg},
   pages = {414-430},
   volume = {1258},
   url = {http://dx.doi.org/10.1007/3-540-63172-0_53},
   doi = {10.1007/3-540-63172-0_53},
   openAccess={http://www.cs.swan.ac.uk/~csetzer/articles/csl96.pdf}
}
