@InProceedings{hancock_setzer:DSP:2004,
  author =   {Peter Hancock and Anton Setzer},
  title =    {Interactive Programs and Weakly Final Coalgebras (Extended Version)},
  booktitle =    {Dependently typed programming},
  year =     {2004},
  editor =   {T. Altenkirch and M. Hofmann and J. Hughes},
  number =   {04381},
  series =   {Dagstuhl Seminar Proceedings},
  publisher =    {Internationales Begegnungs- und Forschungszentrum 
                 (IBFI), Schloss Dagstuhl, Germany},
  OPTaddress =   {Dagstuhl, Germany},
  note = {Available via http://drops.dagstuhl.de/opus/volltexte/2005/176/}
}

