@mastersthesis{setzer:MScthesis:1990,
author = {Setzer, Anton},
title = {Ordinalzahlanalyse pr{\"a}dikativer {T}heorien unter {V}erwendung von {F}undamentalfolgen},
language={german},
type={Diplomarbeit ({G}erman {MS}c thesis)},
address={Munich, Germany},
school={Mathematisches Institut, Ludwigs-Maximilian Universit{\"a}t M{\"u}nchen},
note={Available from \url{http://www.cs.swan.ac.uk/~csetzer/articles/diplcha0.pdf}},
url={http://www.cs.swan.ac.uk/~csetzer/articles/diplcha0.pdf},
year = {1990}
}
