@inproceedings{hancocksetzer:pontedelima:2000,
author = {Hancock, Peter and Setzer, Anton},
title = {Specifying 
interactions with dependent types},
booktitle = {Workshop on subtyping and dependent types in programming, Portugal,
 7 July 2000},
note = {Electronic proceedings, available via http://www-sop.inria.fr/oasis/DTP00/Proceedings/proceedings.html},
year = 2000,
abstract = { },
available = { }
}
