@misc{hancocksetzer:electronicproceedings,
author = {Hancock, P. and Setzer, A.},
title = {The {IO} monad in dependent type theory},
note = {Electronic proceedings of the workshop on 
dependent types in programming, {G}{\"o}teborg, 27-28 March 1999},
url = {http://www.md.chalmers.se/Cs/Research/Semantics /APPSEM/dtp99.html},
year = {1999},
pages={1 - 13}
}
