@inproceedings{ghaniMalatastaForsbergSetzer:LICS2013,
author={Ghani, N. and Malatesta, L. and Nordvall Forsberg, F. and Setzer, A.},
title={Fibred Data Types},
year={2013},
booktitle={Logic in Computer Science (LICS), 2013 28th Annual IEEE/ACM Symposium on},
pages={243-252},
doi={10.1109/LICS.2013.30},
ISSN={1043-6871},
url={http://ieeexplore.ieee.org/xpl/articleDetails.jsp?arnumber=6571556},
urlOpenAccess={https://personal.cis.strath.ac.uk/fredrik.nordvall-forsberg/papers/fibred_lics2013.pdf ,
http://www.cs.swan.ac.uk/~csetzer/articles/fibred_lics2013.pdf
}
}

