@inproceedings{jamesEtAl:SwanseaGroup:FMRAILBOK2013:lecturenotesVersion,
author={James, Phillip and Lawrence, Andy and Moller, Faron and Roggenbach, Markus and Seisenberger, Monika and Setzer, Anton and Kanso, Karim and Chadwick, Simon},
title={Verification of Solid State Interlocking Programs},
year={2014},
isbn={978-3-319-05031-7},
booktitle={Software Engineering and Formal Methods},
series={Lecture Notes in Computer Science},
volume={8368},
editor={Counsell, Steve and Núñez, Manuel},
doi={10.1007/978-3-319-05032-4_19},
url={http://dx.doi.org/10.1007/978-3-319-05032-4_19},
publisher={Springer International Publishing},
pages={253-268},
language={English},
openAccess={~/public_html/articles/fmrailbok2013_report_swanseagroup_acceptedVersion.pdf
}
}
