@inproceedings{nordvallforsbergSetzer2010inductiveinductive,
   author = {Nordvall Forsberg, Fredrik and Setzer, Anton},
   affiliation = {Swansea University},
   title = {Inductive-Inductive Definitions},
   booktitle = {Computer Science Logic},
   series = {Lecture Notes in Computer Science},
   editor = {Dawar, Anuj and Veith, Helmut},
   publisher = {Springer Berlin / Heidelberg},
   isbn = {},
   pages = {454-468},
   volume = {6247},
   url = {http:/#/dx.doi.org/10.1007/978-3-642-15205-4\_35},
   note = {doi: 10.1007/978-3-642-15205-4\_35},
   year = {2010}
}
