@inproceedings{forsbergSetzer:FiniteAxiomiatisationInductiveInductive,
author = {Fredrik Nordvall Forsberg and Anton Setzer},
title = {A finite axiomatisation
of inductive-inductive definitions},
editor = {Ulrich Berger and Hannes Diener and Peter Schuster and Monika Seisenberger},
booktitle = {Logic, Construction, Computation},
series={Ontos mathematical logic},
volume={3},
publisher = {De Gruyter},
year = {2012},
pages = {259 -- 287},
isbn={9783110324921},
doi={10.1515/9783110324921.259}
}
