@inproceedings{dybjersetzer:marstrand98,
author = {Dybjer, Peter and Setzer, Anton},
title = {Finite axiomatizations of inductive and inductive-recursive definitions},
booktitle = {Workshop on Generic Programming, 
Marstrand, Sweden, 18 June 1998},
publisher = {http://www.cs.ruu.nl/people/johanj/programme_wgp98.html},
year = {1998},
abstract = {First article on generic programming related to inductive-recursive definitions}
}
