@inproceedings{dybjersetzer:indexedinductionrecursionshort,
author = {Peter Dybjer and Anton Setzer},
title = {Indexed Induction-Recursion},
editor = {R. Kahle and P. Schroeder-Heister and R. St{\"a}rk},
booktitle = {Proof Theory in Computer Science},
publisher = {LNCS 2183},
year = {2001},
pages = {93 -- 113},
url={http://dx.doi.org/10.1007/3-540-45504-3_7},
doi={10.1007/3-540-45504-3_7}
}
