@article{vessioBeckmannRoachSaintierClementsSetzer:InPerpetutity:Published,
author = {Monica Vessio and Arnold Beckmann and Matt Roach and Severine Saintier and Rhys Clements and Anton Setzer},
title = {{InPerpetuity $\{$Challenging Misperceptions of the Term 'Smart Contract'$\}$}},
journal = {European Journal of Law and Technology},
volume = {15},
number = {2},
note={Available from \url{https://ejlt.org/index.php/ejlt/article/view/974}},
url={https://ejlt.org/index.php/ejlt/article/view/974},
urlPdf={https://ejlt.org/index.php/ejlt/article/download/974/1092/4402},
year = {2024},
pages = {1 - 35}
}
