@inproceedings{hancockSetzer:InteractivePrograms:CSL2000,
author = {Peter Hancock and Anton Setzer},
title = {Interactive programs in dependent type theory},
editor = {P. Clote and H. Schwichtenberg},
booktitle = {Computer Science Logic. 14th 
international workshop, CSL 2000},
series = {Springer Lecture Notes in Computer
Science, Vol. 1862},
year = {2000},
pages = {317 -- 331},
url={http://dx.doi.org/10.1007/3-540-44622-2_21},
doi={10.1007/3-540-44622-2_21}
}
