@incollection{setzer2016reason,
  title={How to reason coinductively informally},
  author={Setzer, Anton},
  editor={Reinhard Kahle and Thomas Strahm and Thomas Studer},
  booktitle={Advances in Proof Theory},
  pages={377--408},
  year={2016},
  isbn="978-3-319-29198-7",
  doi="10.1007/978-3-319-29198-7_12",
  url="http://dx.doi.org/10.1007/978-3-319-29198-7_12"
  publisher={Springer}
}
}
