@inproceedings{setzer:JavaFunctional:2003,
author={Anton Setzer},
title={Java as a functional programming language},
editor={Herman Geuvers and Freek Wiedijk},
booktitle={Types for Proofs 
and Programs: International Workshop, TYPES 2002, Berg en Dal, 
The Netherlands, April 24-28, 2002. Selected Papers.},
publisher={LNCS 2646},
year={2003},
pages={279 -- 298},
url={http://dx.doi.org/10.1007/3-540-39185-1_16},
doi={10.1007/3-540-39185-1_16}
}
