@article{jaegerKahleSetzerStrahm:ProofTheoreticAnalysisIdhat:1999,
author = {Gerhard J{\"a}ger and Reinhard Kahle and Anton Setzer  and Thomas Strahm},
title = {The proof-theoretic analysis of transfinitely iterated fixed point theories},
journal = {Journal of Symbolic Logic},
volume = {64},
number = {1},
year = {1999},
pages = {53 -- 67},
url={http://projecteuclid.org/euclid.jsl/1183745691},
doi={10.2307/2586750}
}
