@inproceedings{kansoSetzer:IntegratingAutomatedInteractive:Avocs2010,
author = {Karim Kanso and Anton Setzer},
title = {Integrating Automated and Interactive 
Theorem Proving in Type Theory},
editor = {Jens Bendisposto, Michael Leuschel, Markus Roggenbach},
booktitle = {Proceedings of AVOCS 2010},
year = {2010},
note={2 pp. Available from http://www.cs.swan.ac.uk/$\sim$csetzer/articles/kansoSetzerAvocs2010.pdf
Conference program of AVOCS 2010: http://www.formal-methods.de/avocs10/programme.html
}
}

