@article{kansoSetzer:LightweightIntegrationATPITP:2011,
author = {Karim Kanso and Anton Setzer},
title = {A light-weight integration of automated
and interactive theorem proving},
journal = {Mathematical Structures in Computer Science},
month={12 November},
year = {2014},
pages = {1--25},
doi = {10.1017/S0960129514000140},
URL = {http://journals.cambridge.org/article_S0960129514000140},
doi={10.1017/S0960129514000140},
issn = {1469-8072},
volume = {FirstView}
}
