@incollection {setzer:TranslatingSetTheoreticProofsTypeTheoreticPrograms:LNCS:1997,
   author = {Setzer, Anton},
   title = {Translating set theoretical proofs into type theoretical programs},
   editor = {Gottlob, Georg and Leitsch, Alexander and Mundici, Daniele},
   booktitle = {Computational Logic and Proof Theory},
   publisher = {Springer Berlin / Heidelberg},
   series = {Lecture Notes in Computer Science},
   pages = {278-289},
   volume = {1289},
   year = {1997}
   url = {http://dx.doi.org/10.1007/3-540-63385-5_50},
   doi = {10.1007/3-540-63385-5_50},
   openAccess={http://www.cs.swan.ac.uk/~csetzer/articles/kgc97.pdf}   
}
