@article{setzer:DefiningLeastUniverseMLTT:BullSymLog97,
author = {Anton Setzer},
title = {Defining the least universe in {Martin-L{\"o}f's} type theory.},
journal = {Bulletin of Symbolic Logic},
volume = {3},
year = {1997},
pages = {276 -- 277}
}
