@article{setzer:WellorderingProofMahlo,
author = {Setzer, Anton},
title = {Extending {M}artin-{L}{\"o}f Type Theory by one
{M}ahlo-Universe},
journal = {Arch. Math. Log.},
volume = {39},
year = {2000},
pages = {155 -- 181},
url = {http://dx.doi.org/10.1007/s001530050140},
doi = {10.1007/s001530050140}
}
