@unpublished{michelbrinkSetzer:ExactDickson:2006,
author = {M. Michelbrink and A. Setzer},
title = {Exact Dickson Ordinals},
note = {Draft},
year = {2007}
}
