@unpublished{setzer:universesintypetheoryPartII:2007,
author = {Setzer, Anton},
title = {Universes in Type Theory {P}art {II} -- {A}utonomous {M}ahlo and {$\Pi_3$}-Reflection},
note = {32 pages. Submitted. Available via 
http://www.cs.swan.ac.uk/$\sim$csetzer/index.html},
year = {2007}
}
