@inproceedings{setzer:objectorientedprogrammingDepTypeTheory:Tfp:2006,
author = {Anton Setzer},
title = {Object-oriented programming in dependent type theory},
booktitle = {Conference Proceedings of TFP 2006},
year = {2006},
url={http://www.cs.swan.ac.uk/~csetzer/index.html},
note={Available from http://www.cs.nott.ac.uk/$\sim$nhn/TFP2006/TFP2006-Programme.html and http://www.cs.swan.ac.uk/$\sim$csetzer/index.html},
publisher={Intellect Books},
address={Bristol},
isbn={978-1841501888},
}
