@article{AbelAdelsbergerSetzer:JFP:ooAgda,
place={Cambridge, UK}, 
title={Interactive programming in {A}gda -- Objects and graphical user interfaces}, 
volume={27}, 
url={https://doi.org/10.1017/S0956796816000319},
DOI={10.1017/S0956796816000319}, 
journal={Journal of Functional Programming}, 
publisher={Cambridge University Press}, 
author={Abel, Andreas and Adelsberger, Stephan and Setzer, Anton}, 
year={2017}, 
month={Jan},
numpages={54},
eid={e8}
}
