@inproceedings{setzer:ordsys98,
author = {Setzer, Anton},
title = {Ordinal Systems},
editor = {Cooper B. and Truss, J.},
booktitle = {Sets and Proofs},
publisher = {Cambridge University Press},
address = {Cambridge},
year = {1999},
pages = {301 -- 331},
isbn={0-521-63549-7}
}
