@inproceedings{AntonSetzer:2000:ordsystwo,
author = {Setzer, Anton},
title = {Ordinal systems part 2: One inaccessible},
editor = {S. Buss and P. Hajek and P. Pudlak},
booktitle = {Logic Colloquium '98},
series = {ASL Lecture Notes in Logic 13},
publisher = {Peters Ltd},
address = {Massachusetts},
year = {2000},
pages = {426 -- 448},
isbn={1-56881-114-4}
}
