@inproceedings{Abel:2013:CPI:2429069.2429075,
 author = {Abel, Andreas and Pientka, Brigitte and Setzer, Anton and Thibodeau, David},
 title = {Copatterns: programming infinite structures by observations},
 booktitle = {Proceedings of the 40th annual ACM SIGPLAN-SIGACT symposium on Principles of programming languages},
 series = {POPL '13},
 year = {2013},
 isbn = {978-1-4503-1832-7},
 pages = {27--38},
 doi = {10.1145/2429069.2429075},
 publisher = {ACM},
 address = {New York, NY, USA},
 keywords = {coinduction, functional programming, introduction vs. elimination, message passing, pattern matching}
} 
