@unpublished{setzer:iteratedinductivedef,
author = {Setzer, A.},
title = {A type theory for iterated inductive definitions},
note = {Draft, 14 pp., available from http://www.cs.swan.ac.uk/$\sim$csetzer},
year = {1994},
abstract = {Contains a type theory and a direct well-ordering proof up to $\aleph^\recrm_\omega$},
available = { }
}
year={1994}}
