@unpublished{AntonSetzer:ResearchMethodologies,
author = {Anton Setzer},
title = {Research Methodologies (Vers 2)},
note = {Available from http://www.cs.swan.ac.uk/~csetzer/articles/researchMethodologiesInComputerScience.pdf},
month = {24 October},
year = {2017}
}
