@article{rosebergersetzer:InterpretationFunctionalConceptsCplusplus,
author = {AbdulÂ Rauf, Rose and Berger, Ulrich and Setzer, Anton},
title = {A provably 
correct translation of the $\lambda$-calculus into a mathematical model of {C++}},
journal = {Jour. Theo Comp Systems},
year = {2008},
month={December},
pages = {298 -- 321},
doi = {10.1007/s00224-007-9062-1}
}

