@inproceedings{rosebergersetzer:functionalconceptsCplusplus:Tfp:2006,
author = {AbdulÂ Rauf, Rose and Berger, Ulrich and Setzer, Anton},
title = {Functional 
Concepts in {C++}},
booktitle = {Trends in Functional Programming},
volume={7},
publisher={Intellect},
address={Bristol and Chicago},
year = {2007},
page={163 -- 179},
note={Available from http://www.cs.nott.ac.uk/~nhn/TFP2006/TFP2006-Programme.html and http://www.cs.swan.ac.uk/~csetzer/index.html}
}
