@inproceedings{rosebergersetzer:functionalconceptsCplusplus:Tfp:2006,
author = {AbdulÂ Rauf, Rose and Berger, Ulrich and Setzer, Anton},
title = {Functional 
Concepts in {C++}},
booktitle = {Conference Proceedings of TFP 2006.},
year = {2006},
note={Available from http://www.cs.nott.ac.uk/~nhn/TFP2006/TFP2006-Programme.html and http://www.cs.swan.ac.uk/~csetzer/index.html}
}
