@inproceedings{rosebergersetzer:functionalconceptsCplusplus:TfpPostproceedings:2007,
author = {AbdulÂ Rauf, Rose and Berger, Ulrich and Setzer, Anton},
title = {Functional Concepts in {C++}},
editor = {Henrik Nilsson},
booktitle = {Trends in Functional Programming Volume 7},
publisher = {Intellect},
address = {Bristol and Chicago},
volume={7},
year = {2007},
pages = {163 -- 179},
isbn={978-184150-188-8},
openaccess={http://www.cs.swan.ac.uk/~csetzer/articles/rosebergersetzerFunctionalConceptsCplusplusPostProceedings.pdf}
}
