@incollection{setzer:GentzenCentenary,
author={Setzer, Anton},
title={The Use of Trustworthy Principles in a Revised {H}ilbertâ€™s Program},
editor={Kahle, Reinhard and Rathjen, Michael},
booktitle={Gentzen's {C}entenary},
year={2015},
isbn={978-3-319-10102-6},
doi={10.1007/978-3-319-10103-3_3},
url={http://dx.doi.org/10.1007/978-3-319-10103-3_3},
publisher={Springer International Publishing},
pages={45-60},
language={English}
}
