@inproceedings{setzer:proofTheoryAndMartinLoefTypeTheory:2008,
author = {Anton Setzer},
title = {Proof theory and {M}artin-{L}{\"o}f {T}ype {T}heory},
editor = {Atten, M. v. and Boldini, P. and  Bourdeau, M. and Heinzmann, G.},
booktitle = {One Hundred Years of Intuitionism (1907 -- 2007)},
publisher = {Birkh{\"a}user},
year = {2008},
pages = {257 -- 279},
isbn={978-3764386528},
doi={10.1007/978-3-7643-8653-5_16},
url={http://dx.doi.org/10.1007/978-3-7643-8653-5_16},
openaccess={http://www.cs.swan.ac.uk/~csetzer/articles/setzerProofTheoryAndMartinLoefTypeTheory.pdf},
available={~/papersAndDocuments/setzer/setzerProofTheoryAndMartinLoefTypeTheory.pdf}
}
