@unpublished{setzer:datatypeparrec,
author = {Anton Setzer},
title = {A Data Type of Partial Recursive Functions in {M}artin-{L}{\"o}f {T}ype {T}heory},
note = {35pp, submitted, available via http://www.cs.swan.ac.uk/~csetzer/articles/setzerDataTypeParRecPostProceedings.pdf},
url={http://www.cs.swan.ac.uk/~csetzer/articles/setzerDataTypeParRecPostProceedings.pdf},
year = {2007}
}
