@inproceedings{setzer:MartinLoefFestschrift:2011,
   author = {Anton Setzer},
   title = {Coalgebras as Types determined by their Elimination Rules},
   editor = {Peter Dybjer and Sten Lindstr{\"o}m and Erik Palmgren and G{\"o}ran Sundholm},
   booktitle = {Epistemology versus ontology: {E}ssays on the foundation so f mathematics in honour of {P}er {M}artin-{L}{\"o}f},
   series = {Logic, Epistemology, and the Unity of Science},
   publisher = {Springer},
   isbn = {978-94-007-4435-6},
   pages = {351-369},
   volume = {27},
   url = {http://dx.doi.org/10.1007/978-94-007-4435-6_16},
   doi = {10.1007/978-94-007-4435-6_16},
   year = {2012}
}
