@incollection{setzerAbelPientkaThibodeau:UnnestingCopatterns:RTALCA2014,
author={Setzer, Anton and Abel, Andreas and Pientka, Brigitte and Thibodeau, David},
title={Unnesting of Copatterns},
editor={Dowek, Gilles},
booktitle={Rewriting and Typed Lambda Calculi. Proceedings RTA-TLCA 2014.},
year={2014},
isbn={978-3-319-08917-1},
volume={8560},
series={Lecture Notes in Computer Science},
doi={10.1007/978-3-319-08918-8_3},
url={http://dx.doi.org/10.1007/978-3-319-08918-8_3},
publisher={Springer International Publishing},
pages={31-45},
openAccess={http://www.cs.swan.ac.uk/~csetzer/articles/setzerEtAlRTATLCA2014.pdf}
}
}
