@InProceedings{dybjersetzer:laquila,
  author = 	 {Peter Dybjer and Anton Setzer},
  title = 	 {A finite axiomatization of inductive-recursive definitions},
  booktitle = 	 {Typed Lambda Calculi and Applications},
  editor =	 {Jean-Yves Girard},
  volume = 	 1581,
  series =	 {Springer Lecture Notes in Computer Science},
  year =	 1999,
  month =	 {April},
  pages =        {129-146}
}
