@inproceedings{Igried:2016:PMC:2976022.2976032,
 author = {Igried, Bashar and Setzer, Anton},
 title = {Programming with Monadic {CSP}-style Processes in Dependent Type Theory},
 booktitle = {Proceedings of the 1st International Workshop on Type-Driven Development},
 series = {TyDe 2016},
 year = {2016},
 isbn = {978-1-4503-4435-7},
 location = {Nara, Japan},
 pages = {28--38},
 numpages = {11},
 url = {http://doi.acm.org/10.1145/2976022.2976032},
 doi = {10.1145/2976022.2976032},
 acmid = {2976032},
 publisher = {ACM},
 address = {New York, NY, USA},
 keywords = {Agda, CSP, Coalgebras, Coinductive Data Types, Dependent Type Theory, IO-Monad, Induction-Recursion, Interactive Program, Monad, Monadic Programming, Process Algebras, Sized Types, Universes}
} 
