@unpublished{setzer:draftModelMahlo:1996a,
author= {Anton Setzer},
title = {A Model for a type theory with {M}ahlo {U}niverse},
note={10pp. Preprint, available via http://www.cs.swan.ac.uk/$\sim$csetzer/articles/uppermahlo.dvi or .ps or .pdf},
year = {1996},
sect = {Proof theory},
sort = {Articles},
abstract = { } 
}
