@inproceedings{setzer:introductionwellorderingproofsmltt:2000,
author = {Anton Setzer},
title = {An introduction to well-ordering proofs in {M}artin-{L}{\"o}f's type theory},
editor = {G. Sambin and J. Smith},
booktitle = {Twenty-five years of constructive type theory},
publisher = {Clarendon Press},
address = {Oxford},
year = {1998},
pages = {245 -- 263},
isbn={978-0-19-850127-5}
}
