@phdthesis{setzer:PhDthesis:1993,
author= {Setzer, A.},
title = {Proof theoretical strength of 
{M}artin-{L\"of} {T}ype {T}heory with {W}-type and one universe},
school = {Universit\"at M\"unchen, available via http://www.cs.swan.ac.uk/$\sim$csetzer},
year = {1993},
sect = {Proof theory},
sort = {Books and Dissertations},
abstract = { } 
}
