@misc{setzer:wheels:1997,
author = {Anton Setzer},
title = {Wheels},
note = {Draft, available via \url{http://www.cs.swan.ac.uk/~csetzer/articles/wheel.pdf}},
url = {http://www.cs.swan.ac.uk/~csetzer/articles/wheel.ps},
year = {1997}
}

