@unpublished{setzer:wheels:1997,
author = {Setzer, A.},
title = {Wheels},
note = {Draft, available via http://www.cs.swan.ac.uk/~csetzer/articles/wheel.pdf},
year = {1997}
}
