@misc{igried:PostproceedingsTypes2016:final,
author = {Bashar Igried and Anton Setzer},
title = {Defining Trace Semantics for {CSP-Agda}},
note = {Accepted for publication in Postproceedings TYPES 2016, 23 pp, available from \url{http://www.cs.swan.ac.uk/~csetzer/articles/types2016PostProceedings/igriedSetzerTypes2016Postproceedings.pdf}},
url={http://www.cs.swan.ac.uk/~csetzer/articles/types2016PostProceedings/igriedSetzerTypes2016Postproceedings.pdf},
month = {23 July},
year = {2018}
}
